
@misc{DPH, 
  author = {Ben Lippmeier and Manuel M. T. Chakravarty and Gabriele Keller and Roman Leshchinskiy and Simon Peyton Jones},
  howpublished = {\url{http://www.cse.unsw.edu.au/~chak/papers/replicate-tr.pdf}}, 
  note = {ICFP'12},
  title = {{W}ork {E}fficient {H}igher-{O}rder {V}ectorisation}, 
  year = {2012},
}

@misc{ BB, 
  author = {Josef Svenningsson and Bo Joel Svensson},
  title = {{S}imple and {C}ompositional {R}eification of {M}onadic {E}mbedded {L}anguages}, 
  note = {18th ACM SIGPLAN International Conference on Functional Programming, ICFP 2013},
  year = {2013},
}


@misc{ CSORT, 
  author = {Josef Svenningsson and Bo Joel Svensson and Mary Sheeran}, 
  title  = {{E}fficient {C}ounting {S}ort {I}mplementations using an {E}mbedded {GPU} {P}rogramming {L}anguage}, 
  note = {Submitted for publication},
  year = {2013},
}

@misc{ Fractals, 
  author = {Roger T. Stevens}, 
  title  = {{F}ractal {P}rogramming in {C}}, 
  note   = {M\&T Books},
  year   = {1989},
}

@misc {OpenCL, 
  title = {{OpenCL} - {T}he open standard for parallel programming of heterogeneous systems }, 
  author = {{The Khronos Group}},
  howpublished = {\url{http://www.khronos.org/opencl/}},
}
  


@Article{ELLIJFP,
  author       = {Conal Elliott and Sigbj\o{}rn Finne and Oege de Moor},
  title        = {Compiling Embedded Languages},
  url          = {http://conal.net/papers/jfp-saig/},
  journal      = {Journal of Functional Programming},
  year         = 2003,
  volume       = 13,
  number       = 2
}

@inproceedings{REPA,
 author = {Keller, Gabriele and Chakravarty, Manuel M.T. and Leshchinskiy, Roman and Peyton Jones, Simon and Lippmeier, Ben},
 title = {Regular, shape-polymorphic, parallel arrays in Haskell},
 booktitle = {Proceedings of the 15th ACM SIGPLAN international conference on Functional programming},
 series = {ICFP '10},
 year = {2010},
 location = {Baltimore, Maryland, USA},
 pages = {261--272},
 numpages = {12},
 publisher = {ACM},
 address = {New York, NY, USA},
 keywords = {arrays, data parallelism, haskell},
} 

@inproceedings{accelerate,
 author = {Chakravarty, Manuel M.T. and Keller, Gabriele and Lee, Sean and McDonell, Trevor L. and Grover, Vinod},
 title = {{A}ccelerating {H}askell {A}rray {C}odes with {M}ulticore {GPU}s},
 booktitle = {Proceedings of the sixth workshop on Declarative aspects of multicore programming},
 series = {DAMP '11},
 year = {2011},
 location = {Austin, Texas, USA},
 pages = {3--14},
 numpages = {12},
 publisher = {ACM},
 address = {New York, NY, USA},
 keywords = {arrays, data parallelism, dynamic compilation, gpgpu, haskell, skeletons}
} 

@misc{ ACCOPT, 
  author = {Trevor L. McDonell and Manuel M.T. Chakravarty and Gabrielle Keller and  Ben Lippmeier}, 
  title = {{O}ptimising {P}urely {F}unctional {GPU} {P}rograms}, 
  note  = {18th ACM SIGPLAN International Conference on Functional Programming, ICFP 2013},
  year  = {2013}, 
  }

@misc{BEAUTY,
   title={{Beauty And The Beast: Exploiting GPUs In Haskell}},
   author={Cole, A. and McEwan, A. and Mainland, G.},
   year={2012}
}

@inproceedings{Nikola,
 author = {Mainland, {G}eoffrey and {M}orrisett, {G}reg},
 title = {Nikola: {E}mbedding {C}ompiled {GPU} {F}unctions in {H}askell},
 booktitle = {Proceedings of the third ACM Haskell symposium},
 year = {2010},
 location = {Baltimore, Maryland, USA},
 pages = {67--78},
 numpages = {12},
 publisher = {ACM},
 keywords = {cuda, gpu, meta programming},
} 



@inproceedings{Obsidian,
 author = {Claessen, Koen and Sheeran, Mary and Svensson, Bo Joel},
 title = {Expressive {A}rray  {C}onstructs in an {E}mbedded {GPU} {K}ernel {P}rogramming {L}anguage},
 booktitle = {Proceedings of the 7th workshop on Declarative aspects and applications of multicore programming},
 series = {DAMP '12},
 year = {2012},
 location = {Philadelphia, Pennsylvania, USA},
 pages = {21--30},
 numpages = {10},
 publisher = {ACM},
 address = {New York, NY, USA},
 keywords = {arrays, data parallelism, embedded domain specific language, general purpose gpu programming, haskell},
} 

@inproceedings{SyntacticICFP12,
  author = {Emil Axelsson},
  title = {A generic abstract syntax model for embedded languages},
  year = 2012,
  booktitle = {17th ACM SIGPLAN Conf. on Functional Programming},
  publisher = {ACM}}

@inproceedings{Generic,
 author = {Persson, Anders and Axelsson, Emil and Svenningsson, Josef},
 title = {Generic monadic constructs for embedded languages},
 booktitle = {Proceedings of the 23rd international conference on Implementation and Application of Functional Languages},
 series = {IFL'11},
 year = {2012},
 location = {Lawrence, KS},
 pages = {85--99},
 numpages = {15},
 publisher = {Springer-Verlag},
 address = {Berlin, Heidelberg},
} 

@inproceedings{Farmer,
  author = {Andrew Farmer and Andy Gill},
  title = {{Haskell} {DSL}s for Interactive Web Services},
  booktitle = {1st International Workshop on Cross-model Language Design and Implementation},
  location = {Copenhagen, Denmark},
  year = {2012},
  month = {Sep},
  note = {(published on workshop website, http://workshops.inf.ed.ac.uk/xldi2012/)},
}

@misc{NEIL, 
  author = {Neil Sculthorpe and Jan Bracker and George Giorgidze and Andy Gill},
  title = {{T}he {C}onstrained\-{M}onad {P}roblem}, 
  year = {2013},
  note = {18th ACM SIGPLAN International Conference on Functional Programming, ICFP 2013},
} 

@misc{KEPLER,
 title={{NVIDIAs Next Generation CUDA Compute Architecture: Kepler GK110}},
 author={{NVIDIA}},
 url={http://www.nvidia.com/content/PDF/kepler/NVIDIA-Kepler-GK110-Architecture-Whitepaper.pdf},
}


@misc{CUDA,
 title={{CUDA C Programming Guide}}, 
 author={{NVIDIA}},
 url={\url{http://docs.nvidia.com/cuda/cuda-c-programming-guide/\newline index.html}},
}

@misc{RedOpt,
  title={{Optimizing Parallel Reduction in CUDA}},
  author={Mark Harris},
  url={\url{http://developer.download.nvidia.com/compute/cuda/1.1\newline-Beta/x86\_website/projects/reduction/doc/reduction.pdf}},
}

@misc{THRUST, 
  title ={{NVIDIA Thrust Library}},
  author = {{NVIDIA}},
  url={https://developer.nvidia.com/thrust},
}


@inproceedings{OLA,
 author = {Billeter, Markus and Olsson, Ola and Assarsson, Ulf},
 title = {Efficient stream compaction on wide {SIMD} many-core architectures},
 booktitle = {Proceedings of the Conference on High Performance Graphics 2009},
 series = {HPG '09},
 year = {2009},
 location = {New Orleans, Louisiana},
 pages = {159--166},
 numpages = {8},
 publisher = {ACM},
 address = {New York, NY, USA},
 keywords = {CUDA, GPGPU, parallel sorting, prefix sum, stream compaction},

} 

@incollection{LargeScan,
	title	=	"Parallel {P}refix {S}um ({S}can) with {CUDA}",
	booktitle =	"GPU Gems 3",
	author	=	"Mark Harris AND Shubhabrata Sengupta AND John D. Owens ",
	year	=	"2007",
	editor	=	"Hubert Nguyen",
	publisher =	"Addison Wesley",
} 

@inproceedings{FELDSPAR,
 author = {Axelsson, Emil and Claessen, Koen and Sheeran, Mary and Svenningsson, Josef and Engdal, David and Persson, Anders},
 title = {The {D}esign and {I}mplementation of {F}eldspar an {E}mbedded {L}anguage for {D}igital {S}ignal {P}rocessing},
 booktitle = {Proceedings of the 22nd international conference on Implementation and application of functional languages},
 series = {IFL'10},
 year = {2011},
 location = {Alphen aan den Rijn, The Netherlands},
 pages = {121--136},
 numpages = {16},
 publisher = {Springer Verlag},
 address = {Berlin, Heidelberg}
} 


% --- 
@inproceedings{Finance,
 author = {Oancea, Cosmin E. and Andreetta, Christian and Berthold, Jost and Frisch, Alain and Henglein, Fritz},
 title = {Financial software on GPUs: between Haskell and Fortran},
 booktitle = {Proceedings of the 1st ACM SIGPLAN workshop on Functional high-performance computing},
 series = {FHPC '12},
 year = {2012},
 location = {Copenhagen, Denmark},
 pages = {61--72},
 numpages = {12},
 publisher = {ACM},
 address = {New York, NY, USA},
}

@inproceedings{NESL,
  author = {Lars Bergstrom and John Reppy},
  title = {Nested Data-Parallelism on the {GPU}},
  booktitle = {Proceedings of the 17th {ACM} {SIGPLAN} International
    Conference on Functional Programming (ICFP 2012)},
  year = 2012,
  month = sep,
  pages = {247-258},

}

@techreport{Copperhead,
    Author = {Catanzaro, Bryan and Garland, Michael and Keutzer, Kurt},
    Title = {{C}opperhead: {C}ompiling an {E}mbedded {D}ata {P}arallel {L}anguage},
    Institution = {EECS Department, University of California, Berkeley},
    Year = {2010},
    Month = {Sep},
    URL = {\url{http://www.eecs.berkeley.edu/Pubs/TechRpts/2010/EECS\newline-2010-124.html}},
    Number = {UCB/EECS-2010-124},
}

@article{merrill,
  title={Parallel scan for stream architectures},
  author={Merrill, Duane and Grimshaw, Andrew},
  journal={University of Virginia, Department of Computer Science, Charlottesville, VA, USA, Technical Report CS2009-14},
  year={2009}
}